<?xml version="1.0" encoding="UTF-8"?><collection><record><leader>10365ntm a2200721 a 4500</leader><controlfield tag="001">006491270</controlfield><controlfield tag="003">MiAaHDL</controlfield><controlfield tag="005">20190719000000.0</controlfield><controlfield tag="006">m        d        </controlfield><controlfield tag="007">cr bn ---auaua</controlfield><controlfield tag="008">090424s1711    xx            00| ||ara d</controlfield><datafield tag="035" ind1=" " ind2=" "><subfield code="a">(MiU)006491270</subfield></datafield><datafield tag="035" ind1=" " ind2=" "><subfield code="a">sdr-miu006491270</subfield></datafield><datafield tag="040" ind1=" " ind2=" "><subfield code="a">MiU</subfield><subfield code="c">MiU</subfield><subfield code="e">amremm</subfield></datafield><datafield tag="043" ind1=" " ind2=" "><subfield code="a">n-us-mi</subfield></datafield><datafield tag="100" ind1="1" ind2=" "><subfield code="6">880-01</subfield><subfield code="a">Ṭarābulusī, Ibrāhīm ibn Mūsá,</subfield><subfield code="d">1439 or 1440-1516 or 1517.</subfield></datafield><datafield tag="240" ind1="1" ind2="0"><subfield code="6">880-02</subfield><subfield code="a">Isʻaf fī Aḥkām al-awqāf</subfield></datafield><datafield tag="245" ind1="1" ind2="0"><subfield code="6">880-03</subfield><subfield code="a">[Kitāb al-Isʻāf fī aḥkām al-awqāf maʻa Kitāb Waqf Hilāl wa-al-Khaṣṣāf,</subfield><subfield code="f">1122 and 1123, i.e. 1711].</subfield></datafield><datafield tag="246" ind1="3" ind2=" "><subfield code="i">Edge title (tail):</subfield><subfield code="a">اسعاف وهلال وخصاف في الاوقاف</subfield></datafield><datafield tag="260" ind1=" " ind2=" "><subfield code="c">[1711].</subfield></datafield><datafield tag="300" ind1=" " ind2=" "><subfield code="a">162 leaves :</subfield><subfield code="b">paper ;</subfield><subfield code="c">206 x 147 (141-151 x 89-91) mm. bound to 206 x 150 mm.</subfield></datafield><datafield tag="500" ind1=" " ind2=" "><subfield code="a">Shelfmark: Ann Arbor, University of Michigan, Special Collections Library, Isl. Ms. 93</subfield></datafield><datafield tag="500" ind1=" " ind2=" "><subfield code="a">Origin: As appears in colophon on p.201, first work copied by Yūsuf ibn Muḥammad al-Qāṣiḥ al-ʻUdhrī [?]. Transcription finished ("najiza Kitāb al-Isʻāf ... wa-wāfaqa al-farāgh min naskhih...") 16 Dhū al-Qaʻdah 1122 [ca. 6 January 1711]. As appears in colophon on p.320, transcription of second work completed ("wa-kāna al-farāgh min naskh hādhā al-kitāb al-mubārak...") 3 Rabīʻ I 1123 [ca. 21 April 1711], likely by different copyist (unnamed).</subfield></datafield><datafield tag="500" ind1=" " ind2=" "><subfield code="a">Former shelfmark: British Museum, London "No. 15. Al-Isaf fi ahkam al-aukaf."</subfield></datafield><datafield tag="500" ind1=" " ind2=" "><subfield code="a">Binding: Pasteboards faced in block-printed paper (pink, lavender, 'gold') with red-brown leather over spine, fore-edge and edges/turn-ins (paper faced, leather edged, framed binding) ; Type II binding (with flap) ; board linings in orange laid paper ; sewn in cream thread, two stations ; worked endbands in green and blue, partially lost ; in poor condition with significant abrasion, staining, lifting and losses of leather, delamination of boards, flap detached at lower cover, etc.</subfield></datafield><datafield tag="500" ind1=" " ind2=" "><subfield code="a">Support: European laid paper in two types, distinct type for each work ; first on a European laid paper with 11 laid lines per cm. (vertical), chain lines spaced 22 mm. apart, watermark with crown, bar with "C B B" and beaded diamond below, quite similar to Heawood 1055 ; second work in a very smooth, thin, and well-burnished European laid paper with 11 laid lines per cm. (vertical), chain lines spaced 25-27 mm. apart, coat of arms watermark with cross, crown, "S P" in circle below, very similar to Heawood 727-731, 764, 769, etc. though earlier than these.</subfield></datafield><datafield tag="500" ind1=" " ind2=" "><subfield code="a">Decoration: Keywords and section headings rubricated ; occasional notabilia rubricated ; overlining and textual divders in the form of discs in red ; written area surrounded by red rule-border.</subfield></datafield><datafield tag="500" ind1=" " ind2=" "><subfield code="a">Script: Naskh ; two clear Syrian or Egyptian hands [?], one supplying each work ; virtually serifless ; pointing of second hand in distinct dots, less distinct for first hand with line used often for two dots and inverted comma for three dots ; some extension of horizontal strokes.</subfield></datafield><datafield tag="500" ind1=" " ind2=" "><subfield code="a">Layout: [al-Isʻāf fī aḥkām al-awqāf] Written in 21 lines per page, [Waqf Hilāl wa-al-Khaṣṣāf] in 25 lines per page ; frame-ruled.</subfield></datafield><datafield tag="500" ind1=" " ind2=" "><subfield code="a">Collation: V+2 (12), 15 V(162) ; entirely quinions with single bifolium added to first quire ; catchwords present ; foliation in black ink, Hindu-Arabic numerals, distinct for each work ; pagination in pencil, Western numerals, supplied during digitization.</subfield></datafield><datafield tag="500" ind1=" " ind2=" "><subfield code="a">Colophon: [al-Isʻāf fī aḥkām al-awqāf] "Scribal," triangular, reads: "نجز كتاب الاسعاف الجامع بين لوقفي هلال والخصاف هذا ووافق الفراغ من نسخه في اليوم المبارك سادس عشر ذي القعدة الحرام سنة ۱۱۲۲ على يد الفقير الى الله تعالى يوسف بن محمد القاصح العذري [؟] غفر الله لو ولواديه والمسلكين اجمعين تم" ; [Waqf Hilāl wa-al-Khaṣṣāf] "Scribal," triangular, reads: "وكان الفراغ من نسخ هذا الكتاب المبارك يوم الاربعاء المبارك الثالث شهر ربيع الاول من شهور سنة ثلاث وعشرين وماية والف من الهجرة النبوية على صاحبها افضل الصلاة والسلام وصلى الله على سيدنا محمد وعلى اله وصحبه وسلم تسليما كثيرا تم"</subfield></datafield><datafield tag="500" ind1=" " ind2=" "><subfield code="a">Explicit: [al-Isʻāf fī aḥkām al-awqāf] "وهو كافر بالذي يتقرب اليه بذلك. نسأل الله تعالى الثبات على الدين والموت على الاسلام بجاه محمد عليه افضل الصلاة والسلام وعلى اله واصحابه الائمة العظام البررة الكرام والحمد لله على الختام" ; [Waqf Hilāl wa-al-Khaṣṣāf] "وان كان في المرض لا يجوز ان يصرف الى الابنة ويجوز ان يصرف الى اولادها هذا اخر ما انتهى اليه تصنيف الشيخ رحمه الله الامام الاجل قاضي القضاة ابي محمد عبد الله بن الحسين الناصحي رحمة الله عليه ورضوانه"</subfield></datafield><datafield tag="500" ind1=" " ind2=" "><subfield code="a">Incipit: [al-Isʻāf fī aḥkām al-awqāf] "الحمد لله الذي خلق الانسان باحسن تقويم وهدى من شاء منه الى الصراط المستقيم ... وبعد فان العلماء الاولين قد جعلهم الله رحمة الاخرين ... وان كتاب احكام الاوقاف للامام الهمام ابي بكر احمد بن عمرو الخصاف ... لما كان العمدة في هذا الفن من تأليف الاوائل ... اختصرته الى كتاب احتوي على ما فيه من المقاصد وعلى ما في كتاب هلال بن يحيى من الزوائد وضممت اليه كثيرا من المسائل والاصول ... وسميته الاسعاف في احكام الاوقاف ..." ; [Waqf Hilāl wa-al-Khaṣṣāf] "قال الشيخ الامام قاضي القضاة ابو محمد عبد الله بن الحسين الناصحي رحمه الله تعالى لقد هممت باختصار كتاب الوقف لهلال بن يحيى فترددت فيه زمانا لحسن تصنيفه ... ثم استعنت بالله تعالى على اختصار كتابي ابوي بكر هلال ابن يحيى واحمد بن عمر الخصاف البصريين ..."</subfield></datafield><datafield tag="500" ind1=" " ind2=" "><subfield code="a">Title supplied by cataloguer from 'title page' inscriptions for the respective works (p.7 and p.209).</subfield></datafield><datafield tag="500" ind1=" " ind2=" "><subfield code="a">Ms. composite codex.</subfield></datafield><datafield tag="505" ind1="0" ind2=" "><subfield code="a">7. fol.161a-162b : [originally left blank, now carries Masāʼil al-istibdāl].</subfield></datafield><datafield tag="505" ind1="0" ind2=" "><subfield code="a">6. fol.105a-160b : Waqf Hilāl wa-al-Khaṣṣāf / Abū Muḥammad ʻAbd Allāh ibn al-Ḥusayn al-Nāṣiḥī.</subfield></datafield><datafield tag="505" ind1="0" ind2=" "><subfield code="a">5. fol.103b-104b : [blank].</subfield></datafield><datafield tag="505" ind1="0" ind2=" "><subfield code="a">4. fol.102b-103a : [originally left blank, now carries table of contents].</subfield></datafield><datafield tag="505" ind1="0" ind2=" "><subfield code="a">3. fol.101b-102a : [blank].</subfield></datafield><datafield tag="505" ind1="0" ind2=" "><subfield code="a">2. fol.4a-101a : al-Isʻāf fī aḥkām al-awqāf / Ibrāhīm ibn Mūsá al-Ṭarābulusī.</subfield></datafield><datafield tag="505" ind1="0" ind2=" "><subfield code="a">1. fol.3a-3b : [table of contents].</subfield></datafield><datafield tag="510" ind1="4" ind2=" "><subfield code="a">Brockelmann, C. GAL,</subfield><subfield code="c">I 373 ; SI 637</subfield></datafield><datafield tag="510" ind1="4" ind2=" "><subfield code="a">Brockelmann, C. GAL,</subfield><subfield code="c">II 83 ; SII 94</subfield></datafield><datafield tag="520" ind1="8" ind2=" "><subfield code="a">Two works of Ḥanafī law pertaining to awqāf.</subfield></datafield><datafield tag="538" ind1=" " ind2=" "><subfield code="a">Mode of access: Internet.</subfield></datafield><datafield tag="541" ind1=" " ind2=" "><subfield code="c">Purchase ;</subfield><subfield code="a">Acquired by purchase along with Abdul Hamid Collection (funds donated by Horace Rackham).</subfield><subfield code="d">1924.</subfield></datafield><datafield tag="546" ind1=" " ind2=" "><subfield code="a">Arabic.</subfield></datafield><datafield tag="561" ind1=" " ind2=" "><subfield code="a">Bookplate of British Museum, London on upper cover,"British Museum, London. No. 15. Al-Isaf fi ahkam al-aukaf." ; circular seal impression with figure of goat/gazelle in purple ink as well as inscription "185" in Western numerals on recto of first leaf (p.1) ; on p.3, patronage statement in name of Muḥammad Shaykhī [?] ibn Dāwūd, al-qassām al-ʻaskarī in Egypt, accompanied by effaced seal-impression, statement reads: "استكتب هذا الكتاب بعون الملك الوهاب محمد سبحي بن الحاج داود القسام العسكري وقتئذ بمصر المحروسة غفر لهما" (contribution to the cataloguing from Boris Liebrenz) ; on blue-tinted paper pasted on ’title page’ for first work (p.7), a detailed waqf statement in the name of al-Sayyid ʻAbd Allāh Adīb (Abdullah Edip), known as Jannatʹzādah (Cennet-zade), qāḍī of Erzurum, accompanied by his seal, reads: "وقفت وقفا صحيحا شرعيا بشرط ان لا يخرج من بيت الكتب الملتصق بداري الا لعلماء سكنوا بارضروم بكفيل مرعى اورهن قوي وانا الفقير السيد عبد الله اديب الشهير بجنت زاده القاضي بمدينة ارضروم في سنة اثنى وستين ومائتين والف" ; occasional marginal corrections, glosses and notabilia.</subfield></datafield><datafield tag="650" ind1=" " ind2="0"><subfield code="a">Manuscripts, Arabic</subfield><subfield code="z">Michigan</subfield><subfield code="z">Ann Arbor.</subfield></datafield><datafield tag="650" ind1=" " ind2="0"><subfield code="a">Hanafites</subfield><subfield code="v">Early works to 1800.</subfield></datafield><datafield tag="650" ind1=" " ind2="0"><subfield code="a">Charitable uses, trusts, and foundations (Islamic law)</subfield><subfield code="v">Early works to 1800.</subfield></datafield><datafield tag="650" ind1=" " ind2="0"><subfield code="a">Waqf</subfield><subfield code="v">Early works to 1800.</subfield></datafield><datafield tag="700" ind1="0" ind2=" "><subfield code="6">880-07</subfield><subfield code="a">Muḥammad Sabḥī ibn Dāwūud al-Qāsim al-ʻAskarī,</subfield><subfield code="d">fl.1711,</subfield><subfield code="e">patron.</subfield></datafield><datafield tag="700" ind1="0" ind2=" "><subfield code="6">880-06</subfield><subfield code="a">Yūsuf ibn Muḥammad al-Qāṣiḥ al-ʻUdhrī,</subfield><subfield code="d">fl.1711,</subfield><subfield code="e">scribe.</subfield></datafield><datafield tag="700" ind1="1" ind2=" "><subfield code="6">880-05</subfield><subfield code="a">Nāṣiḥī, Abū Muḥammad ʻAbd Allāh ibn al-Ḥusayn,</subfield><subfield code="d">d.1055.</subfield><subfield code="t">Waqf Hilāl wa-al-Khaṣṣāf.</subfield></datafield><datafield tag="773" ind1="0" ind2=" "><subfield code="a">Tiflis Collection.</subfield></datafield><datafield tag="880" ind1="0" ind2=" "><subfield code="6">700-07/</subfield><subfield code="a">محمد سبحي بن داود القاسم العسكري،</subfield><subfield code="e">راع.</subfield></datafield><datafield tag="880" ind1="0" ind2=" "><subfield code="6">700-06/</subfield><subfield code="a">يوسف بن محمد القاصح العذري،</subfield><subfield code="e">ناسخ.</subfield></datafield><datafield tag="880" ind1="1" ind2=" "><subfield code="6">700-05/</subfield><subfield code="a">ناصحي، ابو محمد عبد الله بن الحسين.</subfield><subfield code="t">وقف هلال الخصاف.</subfield></datafield><datafield tag="880" ind1="1" ind2="0"><subfield code="6">245-03/</subfield><subfield code="a">[كتاب الإسعاف في أحكام الأوقاف مع كتاب وقف هلال والخصاف,</subfield><subfield code="f">1122ه و1123ه، 1711م].</subfield></datafield><datafield tag="880" ind1="1" ind2="0"><subfield code="6">240-02/</subfield><subfield code="a">اسعاف في احكام الاوقاف</subfield></datafield><datafield tag="880" ind1="1" ind2=" "><subfield code="6">100-01/</subfield><subfield code="a">برهان الدين ابراهيم بن موسى بن ابي بكر ابن الشيخ علي الطرابلسي الحنفي</subfield></datafield><datafield tag="CID" ind1=" " ind2=" "><subfield code="a">006491270</subfield></datafield><datafield tag="DAT" ind1="0" ind2=" "><subfield code="a">20190719102634.0</subfield><subfield code="b">20190719000000.0</subfield></datafield><datafield tag="DAT" ind1="1" ind2=" "><subfield code="a">20190719090653.0</subfield><subfield code="b">2019-07-19T16:11:02Z</subfield></datafield><datafield tag="DAT" ind1="2" ind2=" "><subfield code="a">2015-10-10T18:00:06Z</subfield></datafield><datafield tag="CAT" ind1=" " ind2=" "><subfield code="a">SDR-MIU</subfield><subfield code="d">EX LIBRIS - ALEPH</subfield><subfield code="l">prepare.pl-004-008</subfield></datafield><datafield tag="FMT" ind1=" " ind2=" "><subfield code="a">BK</subfield></datafield><datafield tag="HOL" ind1=" " ind2=" "><subfield code="0">sdr-miu006491270</subfield><subfield code="a">MiU</subfield><subfield code="b">SDR</subfield><subfield code="c">MIU</subfield><subfield code="p">mdp.39015079124742</subfield><subfield code="s">MIU</subfield><subfield code="1">006491270</subfield></datafield><datafield tag="974" ind1=" " ind2=" "><subfield code="b">MIU</subfield><subfield code="c">MIU</subfield><subfield code="d">20190719</subfield><subfield code="s">lit-dlps-dc</subfield><subfield code="u">mdp.39015079124742</subfield><subfield code="y">1711</subfield><subfield code="r">pd</subfield><subfield code="q">bib</subfield><subfield code="t">non-US bib date1 &lt; 1879</subfield></datafield></record></collection>